<?xml version="1.0" encoding="UTF-8"?><record xmlns="http://www.loc.gov/MARC21/slim" xmlns:cinclude="http://apache.org/cocoon/include/1.0" xmlns:zs="http://www.loc.gov/zing/srw/">
  <leader>00953cz  a2200229n  4500</leader>
  <controlfield tag="001">no2011150097</controlfield>
  <controlfield tag="003">DLC</controlfield>
  <controlfield tag="005">20130603130402.0</controlfield>
  <controlfield tag="008">110927n| azannaabn          |n aaa     c</controlfield>
  <datafield tag="010" ind1=" " ind2=" ">
    <subfield code="a">no2011150097</subfield>
  </datafield>
  <datafield tag="035" ind1=" " ind2=" ">
    <subfield code="a">(OCoLC)oca08987966</subfield>
  </datafield>
  <datafield tag="040" ind1=" " ind2=" ">
    <subfield code="a">KOpJCAV</subfield>
    <subfield code="b">eng</subfield>
    <subfield code="e">rda</subfield>
    <subfield code="c">KOpJCAV</subfield>
    <subfield code="d">WaU</subfield>
    <subfield code="d">IEN</subfield>
  </datafield>
  <datafield tag="046" ind1=" " ind2=" ">
    <subfield code="f">19870201</subfield>
  </datafield>
  <datafield tag="100" ind1="1" ind2=" ">
    <subfield code="a">Morris, Heather,</subfield>
    <subfield code="d">1987-</subfield>
  </datafield>
  <datafield tag="370" ind1=" " ind2=" ">
    <subfield code="a">Thousand Oaks, Ventura County, Calif.</subfield>
    <subfield code="c">U.S.</subfield>
  </datafield>
  <datafield tag="370" ind1=" " ind2=" ">
    <subfield code="e">Scottsdale, Ariz.</subfield>
  </datafield>
  <datafield tag="372" ind1=" " ind2=" ">
    <subfield code="a">Acting</subfield>
    <subfield code="a">Singing</subfield>
    <subfield code="a">Dance</subfield>
    <subfield code="2">lcsh</subfield>
  </datafield>
  <datafield tag="374" ind1=" " ind2=" ">
    <subfield code="a">Actors</subfield>
    <subfield code="a">Actresses</subfield>
    <subfield code="a">Singers</subfield>
    <subfield code="a">Dancers</subfield>
    <subfield code="a">Models (Persons)</subfield>
    <subfield code="2">lcsh</subfield>
  </datafield>
  <datafield tag="375" ind1=" " ind2=" ">
    <subfield code="a">female</subfield>
  </datafield>
  <datafield tag="377" ind1=" " ind2=" ">
    <subfield code="a">eng</subfield>
  </datafield>
  <datafield tag="670" ind1=" " ind2=" ">
    <subfield code="a">Glee, 2011:</subfield>
    <subfield code="b">container insert (Heather Morris)</subfield>
  </datafield>
  <datafield tag="670" ind1=" " ind2=" ">
    <subfield code="a">Wikipedia, Sept. 21, 2011</subfield>
    <subfield code="b">(Heather Morris, b. Feb. 1, 1987, American actress, singer, dancer) May 13, 2013 (Heather Morris; Heather Elizabeth Morris (born February 1, 1987); American actress, dancer, singer and model; born in Thousand Oaks, California; raised in Scottsdale, Arizona)</subfield>
  </datafield>
</record>